@book{lutz:2003,
  author = {Mark Lutz and David Ascher},
  title = {Learning Python},
  year = {2003},
  publisher = {O'Reilly Press},
  address = {Sebastopol}  
}